% This file was created with JabRef 2.10.
% Encoding: Cp1252


@Book{bishop2006pattern,
  Title                    = {Pattern recognition and machine learning},
  Author                   = {Bishop, Christopher M and others},
  Publisher                = {springer New York},
  Year                     = {2006},
  Volume                   = {1}
}

@Article{fan2008liblinear,
  Title                    = {LIBLINEAR: A library for large linear classification},
  Author                   = {Fan, Rong-En and Chang, Kai-Wei and Hsieh, Cho-Jui and Wang, Xiang-Rui and Lin, Chih-Jen},
  Journal                  = {The Journal of Machine Learning Research},
  Year                     = {2008},
  Pages                    = {1871--1874},
  Volume                   = {9},

  Publisher                = {JMLR. org}
}

@Book{joachims1998text,
  Title                    = {Text categorization with support vector machines: Learning with many relevant features},
  Author                   = {Joachims, Thorsten},
  Publisher                = {Springer},
  Year                     = {1998}
}

@Article{pedregosa2011scikit,
  Title                    = {Scikit-learn: Machine learning in Python},
  Author                   = {Pedregosa, Fabian and Varoquaux, Ga{\"e}l and Gramfort, Alexandre and Michel, Vincent and Thirion, Bertrand and Grisel, Olivier and Blondel, Mathieu and Prettenhofer, Peter and Weiss, Ron and Dubourg, Vincent and others},
  Journal                  = {The Journal of Machine Learning Research},
  Year                     = {2011},
  Pages                    = {2825--2830},
  Volume                   = {12},

  Publisher                = {JMLR. org}
}

@Book{weiss2010text,
  Title                    = {Text mining: predictive methods for analyzing unstructured information},
  Author                   = {Weiss, Sholom M and Indurkhya, Nitin and Zhang, Tong and Damerau, Fred},
  Publisher                = {Springer},
  Year                     = {2010}
}

